@article{smbb-2023,
    author = {Olvera Hernández, Roberto and De Unánue Gutiérrez, Ximena and Arana Sánchez, Alejandro and Rojas Rejón, Óscar and Torres Haro, Alejandro},
    title = {Revista de la Sociedad Mexicana de Biotecnología y Bioingeniería A.C.},
    journal = {Revista de la Sociedad Mexicana de Biotecnología y Bioingeniería A.C.},
    year = {2023},
    volume = {27},
    number = {4},
    pages = {727},
    issn = {0188-4786},
    url = {https://smbb.mx/congresos%20smbb/zihuatanejo2023/xxcongreso.html}
}
